% referências introducao
@misc{iea2024,
  author       = {{Agência Internacional de Energia}},
  title        = {Dados sobre o crescimento do consumo mundial de energia elétrica},
  year         = {2024},
  url          = {https://www.iea.org},
  note         = {Acesso em: 17 jul. 2024}
}

@misc{abeeolica2020,
  author = {Associação Brasileira de Energia Eólica {ABEEólica}},
  title = {Boletim Anual de Geração Eólica 2020},
  year = {2020},
  url = {https://abeeolica.org.br/wp-content/uploads/2022/04/PT_Boletim-Anual-de-Geracao_2020.pdf},
  note = {Acesso em: 17 jul. 2024}
}

@misc{abeeolica2022,
  author       = {Associação Brasileira de Energia Eólica {ABEEólica}},
  title        = {Estimativas dos impactos dinâmicos do setor eólico sobre a economia brasileira},
  year         = {2022},
  url          = {https://abeeolica.org.br/wp-content/uploads/2022/02/Estudo-Braulio_final.pdf},
  note         = {Acesso em: 17 jul. 2024}
}

@misc{bndes2024,
  author       = {Banco Nacional de Desenvolvimento Econômico e Social {BNDES}},
  title        = {Dados sobre investimentos no setor de energia eólica e previsões de investimentos futuros},
  year         = {2024},
  url          = {https://www.bndes.gov.br},
  note         = {Acesso em: 17 jul. 2024}
}
@online{estadao2024,
  author = {Estadão},
  title = {Energia eólica no Brasil: crescimento e investimentos},
  year = {2024},
  url = {https://www.estadao.com.br/economia/negocios/energia-eolica-brasil-crescimento-investimentos/},
  note = {Acesso em: 17 jul. 2024}
}


@misc{ben2020,
  author = {{Empresa de Pesquisa Energética (EPE)}},
  title = {Balanço Energético Nacional 2020: Ano base 2019},
  year = {2020},
  address = {Rio de Janeiro},
  howpublished = {\url{https://www.epe.gov.br/sites-pt/publicacoes-dados-abertos/publicacoes/PublicacoesArquivos/publicacao-479/topico-528/BEN2020_sp.pdf}},
  note = {Acesso em: 17 jul. 2024}
}

@inproceedings{calijuri2013,
  author       = {M. L. Calijuri and D. G. Cunha},
  title        = {A matriz elétrica mundial é predominantemente fóssil, e os esforços para reduzir a dependência desses combustíveis de alto impacto ambiental são cruciais para mitigar as mudanças climáticas},
  booktitle    = {Anais do 10. Encontro Nacional de Tecnologia do Ambiente Construído},
  pages        = {485--494},
  year         = {2013},
  address      = {São Paulo},
  organization = {ANTAC}
}

@misc{epe2024,
  author       = {{Empresa de Pesquisa Energética}},
  title        = {Dados sobre o crescimento do consumo de energia elétrica no Brasil entre 2010 e 2020},
  year         = {2024},
  url          = {https://www.epe.gov.br},
  note         = {Acesso em: 17 jul. 2024}
}

@misc{kyoto2024,
  title = {Protocolo de Kyoto à Convenção-Quadro das Nações Unidas sobre Mudança do Clima},
  year = {1997},
  author = {{Nações Unidas}},
  organization = {Nações Unidas},
  address = {Kyoto, Japão}
}

@misc{paris2024,
  title = {Acordo de Paris},
  year = {2015},
  author = {{Nações Unidas}},
  organization = {Nações Unidas},
  address = {Paris, França}
}

@online{paris202,
  title        = {Acordo de Paris},
  year         = {2024},
  url          = {https://unfccc.int/process-and-meetings/the-paris-agreement/the-paris-agreement},
  note         = {Acesso em: 17 jul. 2024}
}


%LIVROS
@book{ackermann2005,
  author    = {Thomas Ackermann},
  title     = {Wind Power in Power System},
  edition   = {1},
  year      = {2005},
  publisher = {John Wiley \& Sons, Ltd},
  address   = {London}
}

@book{fadigas2011,
  author    = {Eliane A. Faria A. Fadigas},
  title     = {Energia Eólica},
  year      = {2011},
  publisher = {Editora Manole},
  address   = {Barueri, SP},
  edition   = {E-book},
  isbn      = {9788520446539},
  url       = {https://integrada.minhabiblioteca.com.br/#/books/9788520446539/},
  note      = {Acesso em: 14 jun. 2024}
}

@book{cepel2001,
  author    = {{CEPEL}},
  title     = {Atlas do Potencial Eólico Brasileiro},
  year      = {2001},
  publisher = {CEPEL},
  address   = {Rio de Janeiro, RJ},
}

@book{rocha2023,
  author    = {Rocha, Alexandro Vladno da and Rodrigues, Luanda Kívia de Oliveira and Oliveira, Odailson Cavalcante de and Jacomini, Rogério Vani},
  title     = {Fundamentos de Energia Eólica},
  year      = {2023},
  edition   = {1},
  address   = {Natal},
  publisher = {Instituto Federal de Educação, Ciência e Tecnologia do Rio Grande do Norte},
}

@book{lutgens2012atmosphere,
  author    = {Frederick K. Lutgens, Edward J. Tarbuck},
  title     = {The Atmosphere: An Introduction to Meteorology},
  edition   = {12th},
  publisher = {Prentice Hall},
  year      = {2012},
  isbn      = {978-0321756312},
  pages     = {506},
  language  = {English},
}


@misc{site:Atmosfera,
author    = {Desconhecido},
Title = {Como é formada a ATMOSFERA TERRESTRE},
publisher={Boulder},
year={2019},
url = {https://hangarmma.com.br/blog/atmosfera-terrestre/},
note  = {Acesso em: 14 jun. 2024}
}

@misc{aneel2009,
  author       = {{Agência Nacional de Energia Elétrica (ANEEL)}},
  title        = {Capacidade de Geração no Brasil},
  year         = {2009},
  url          = {http://www.aneel.gov.br/aplicacoes/capacidadebrasil/capaci-dadebrasil.asp}
}

@misc{danishwind2024,
  author       = {{Danish Wind Industry Association}},
  title        = {Wind Energy Reference Manual},
  year         = {2000},
  url          = {http://ele.aut.ac.ir/~wind/en/tour/wres/variab.htm},
  note         = {Acessado em: junho 2024}
}


@incollection{pinto2014,
  author       = {Pinto, Milton de Oliveira},
  title        = {O vento},
  booktitle    = {Fundamentos da energia eólica},
  edition      = {1},
  year         = {2014},
  publisher    = {LTC},
  address      = {Rio de Janeiro},
  pages        = {47-66},
}



@article{reboita2012,
  author       = {Reboita, Michelle Simões and Krusche, Nisia and Ambrizzi, Tércio and Rocha, Rosmeri Porfírio da},
  title        = {Entendendo o tempo e o clima na América do Sul},
  journal      = {Terra e Didática},
  volume       = {8},
  number       = {1},
  pages        = {34-50},
  year         = {2012},
  url          = {https://cutt.ly/0gssd5Q},
  note         = {Acesso em: 20 set. 2020},
}


%conhecimento teorico e pratico
@book{peixoto2009nocao,  
  author    = {Peixoto, P. d. S. and Rodrigues, W. G.},  
  title     = {Noções de mecânica de fluidos com aplicações em perfis aerodinâmicos},  
  year      = {2009},  
  publisher = {São Paulo}  
}

@book{halliday1996fundamentos,  
  author    = {Halliday, D. and Resnick, R. and Walker, J.},  
  title     = {Fundamentos de Física 2},  
  year      = {1996},  
  volume    = {4},  
  publisher = {s.n.}  
}

@article{weltner2001dinamica,  
  author  = {Weltner, K. and outros},  
  title   = {A dinâmica dos fluidos complementada e a sustentação da asa},  
  journal = {Revista Brasileira de Ensino de Física},  
  volume  = {23},  
  number  = {4},  
  pages   = {429},  
  year    = {2001},  
  publisher = {SciELO Brasil}  
}

@mastersthesis{junior2012desempeno,  
  author       = {JUNIOR, T. and RANGEL, C.},  
  title        = {Desempeño aerodinámico de turbinas eólicas de eje vertical en función de temperatura de superficie de álabe},  
  school       = {Universidad de Chile},  
  year         = {2012},  
}

@mastersthesis{pavinatto2005,
  author       = {E. F. Pavinatto},
  title        = {Ferramenta para Auxílio à Análise de Viabilidade Técnica da Conexão de Parques Eólicos à Rede Elétrica},
  school       = {Programa de Engenharia Elétrica, COPPE / UFRJ},
  year         = {2005},
  address      = {Rio de Janeiro},
  type         = {Dissertação de Mestrado},
  note         = {2005}
}

@article{martins2008,
  author    = {Martins, F. R. and Guarnieri, R. A. and Pereira, E. B.},
  title     = {O aproveitamento da energia eólica},
  journal   = {Revista Brasileira de Ensino de Física},
  volume    = {30},
  number    = {1},
  year      = {2008},
  url       = {http://www.scielo.br/scielo.php?script=sci_arttext&pid=S1806-11172008000100005},
  note      = {Acesso em: 21 set. 2020}
}

@techreport{camada_limite,
  school       = {{Universidade Federal de Santa Catarina}},
  title        = {Camada limite},
  institution  = {Departamento de Engenharia Mecânica, EMC5426-Fenômenos de Transporte para Engenharia de Materiais},
  type         = {Nota Técnica},
  number       = {1},
  author       = {Júlio César Passos},
  year         = {2014}
}

@book{manwell2004wind,
  author    = {J.F. Manwell, J.G. McGowan, A.L. Rogers},
  title     = {Wind Energy Explained: Theory, Design and Applications},
  publisher = {John Wiley \& Sons},
  year      = {2004},
  address   = {London}
}

@book{rohatgi1994wind,
  author    = {J.S. Rohatgi and V. Nelson},
  title     = {Wind Characteristics: An Analysis for the Generation of Wind Power},
  publisher = {West Texas A\&M University},
  year      = {1994},
  address   = {Canyon}
}

@mastersthesis{dutra2001,
  author       = {Dutra, R.M.},
  title        = {Viabilidade técnico-econômica da energia eólica face ao novo marco regulatório do setor elétrico brasileiro},
  year         = {2001},
  type         = {Dissertação (Mestrado em Ciências em Planejamento Energético)},
  school       = {Universidade Federal do Rio de Janeiro},
  address      = {Rio de Janeiro},
  note         = {Programa de Pós-Graduação em Engenharia (Coppe)},
  pages        = {259}
}
@mastersthesis{silva1999,
  author       = {Silva, P.C.},
  title        = {Sistema para tratamento, armazenamento e disseminação de dados de vento},
  year         = {1999},
  type         = {Dissertação (Mestrado em Ciências em Engenharia Mecânica)},
  school       = {Universidade Federal do Rio de Janeiro},
  address      = {Rio de Janeiro},
  note         = {Programa de Pós-Graduação em Engenharia (Coppe)},
  pages        = {113}
}
@book{troen1989,
  author    = {Troen, I. and Petersen, E.L.},
  title     = {European Wind Atlas},
  year      = {1989},
  edition   = {1},
  publisher = {Roskilde, Riso National Laboratory}
}
@book{hirata1985,
  author    = {Hirata, M.H.},
  title     = {Energia Eólica -- Uma Introdução},
  year      = {1985},
  publisher = {COPPE/UFRJ},
  address   = {Rio de Janeiro}
}

@book{carvalho2003,
  author    = {P. Carvalho},
  title     = {Geração Eólica},
  year      = {2003},
  publisher = {Imprensa Universitária},
  address   = {Fortaleza}
}

@book{burton2001,
  author    = {Burton, T. and others},
  title     = {Wind Energy Handbook},
  year      = {2001},
  publisher = {John Wiley \& Sons},
  address   = {Londres}
}

@online{quora2024,
  author       = {Quora},
  title        = {Quais são as desvantagens das turbinas Darrieus},
  year         = {2024},
  url          = {https://pt.quora.com/Quais-s%C3%A3o-as-desvantagens-das-turbinas-darrieus},
  note         = {Acesso em: 10 jul. 2024}
}

@online{danishwind2010,
  author       = {Danish Wind Industry Association},
  title        = {Wind Energy Reference Manual},
  year         = {2000},
  url          = {http://ele.aut.ac.ir/~wind/en/tour/wres/enrspeed.htm},
  note         = {Acessado em: jul. 2024}
}

@book{schlichting2000,
  author    = {H. Schlichting},
  title     = {Boundary-Layer Theory},
  edition   = {8th},
  year      = {2000},
  publisher = {Springer}
}

@book{batchelor2000,
  author    = {G. K. Batchelor},
  title     = {An Introduction to Fluid Dynamics},
  year      = {2000},
  publisher = {Cambridge University Press}
}
@book{betz1926,
  author    = {Albert Betz},
  title     = {Wind-Energie und ihre Ausnutzung durch Windmühlen},
  publisher = {Vandenhoeck \& Ruprecht},
  year      = {1926},
  address   = {Göttingen},
  language  = {German}
}
@book{heier2014,
  author    = {Siegfried Heier},
  title     = {Wind Energy Systems: Operation and Control},
  year      = {2014},
  publisher = {Springer}
}

@inproceedings{slootweg2003,
  author    = {J. G. Slootweg and H. Polinder and W. L. Kling},
  title     = {Dynamic Modelling of a Wind Turbine with Doubly Fed Induction Generator},
  booktitle = {Proceedings of the IEEE},
  year      = {2003}
}
@book{vian2021,
  author    = {Ângelo Vian},
  title     = {Energia Eólica: Fundamentos, Tecnologia e Aplicações},
  year      = {2021},
  publisher = {Editora Blucher},
  isbn      = {9786555500585},
  note      = {E-book}
}

@inproceedings{raiambal2002modeling,
  author       = {K. Raiambal and C. Chellamuth},
  title        = {Modeling and Simulation of Grid Connected Wind Electric Generating System},
  booktitle    = {Proceedings of IEEE TENCON’02},
  pages        = {1847--1952},
  year         = {2002},
  url          = {https://ieeexplore.ieee.org/document/1182696}
}

@online{smartservo2024,
  author       = {{SMART SERVO}},
  title        = {Comparison of the Efficiency of Various Wind Turbines -- Horizontal/Vertical Axis},
  year         = {2024},
  url          = {https://smartservo.org/comparison-of-the-efficiency-of-various-wind-turbines-horizontal-vertical-axis},
  note         = {Acesso em: 14 jul. 2024}
}

@book{stull1988,
  author    = {Roland B. Stull},
  title     = {An Introduction to Boundary Layer Meteorology},
  year      = {1988},
  publisher = {Kluwer Academic Publishers},
  address   = {Dordrecht},
  pages     = {666},
  isbn      = {978-94-010-8609-0}
}

@article{stannard2007performance,
  title={Performance aspects of mains connected small-scale wind turbines},
  author={Stannard, N. and Bumby, J.R.},
  journal={IET Generation, Transmission \& Distribution},
  volume={1},
  number={2},
  pages={348--356},
  year={2007},
  publisher={IET}
}

@mastersthesis{martins2010,
  title={Avaliação da Qualidade de Energia e Performance de Potência de Turbinas Eólicas Conectadas à Rede Elétrica},
  author={Martins, Matheus},
  year={2010},
  school={Universidade Federal de Santa Catarina},
  address={Florianópolis, SC, Brazil}
}

@mastersthesis{koch2010,
  title={Implementação de um Simulador para Turbina Eólica de Velocidade Variável com MATLAB/SIMULINK® e Estudo do Sistema de Emulação do Aerogerador DR14},
  author={Koch, Gustavo Guilherme},
  year={2010},
  school={Universidade Federal de Santa Maria},
  address={Santa Maria, RS, Brazil}
}

@misc{abeeolica2017,
  author = {{Associação Brasileira de Energia Eólica (ABEEólica)}},
  title = {Energia eólica chega à sétima posição no ranking mundial de geração abastecendo 10\% do Brasil},
  year = {2017},
  url = {https://abeeolica.org.br/energia-eolica-chega-a-setima-posicao-no-ranking-mundial-de-geracao-abastecendo-10-do-brasil/},
  note = {Acesso em: 24 jul. 2024}
}

@misc{abeeolica2024,
  author = {{Associação Brasileira de Energia Eólica (ABEEólica)}},
  title = {Boletim Anual 2024},
  year = {2024},
  url = {https://abeeolica.org.br/wp-content/uploads/2024/07/424_ABEEOLICA_BOLETIM-ANUAL-2024_DIGITAL_PT_V3.pdf},
  note = {Acesso em: 24 jul. 2024}
}

@misc{cresesb2013,
  author = {{Centro de Referência para Energia Solar e Eólica Sérgio de Salvo Brito (CRESESB)}},
  title = {Atlas Eólico},
  year = {2013},
  url = {https://cresesb.cepel.br/index.php?section=atlas_eolico&},
  note = {Acesso em: 24 jul. 2024}
}

@misc{weatherspark2024,
  author = {{WeatherSpark}},
  title = {Clima característico em Cachoeira do Sul, Rio Grande do Sul, Brasil durante o ano},
  year = {2024},
  url = {https://pt.weatherspark.com/y/29610/Clima-caracter%C3%ADstico-em-Cachoeira-do-Sul-Rio-Grande-do-Sul-Brasil-durante-o-ano#Sections-Sources},
  note = {Acesso em: 24 jul. 2024}
}
@misc{proinfa2024,
  author = {{Programa de Incentivo às Fontes Alternativas de Energia Elétrica (PROINFA)}},
  title = {Programa de Incentivo às Fontes Alternativas de Energia Elétrica {Proinfa} },
  year = {2024},
  url = {https://proinfa.enbpar.gov.br/},
  note = {Acesso em: 24 jul. 2024}
}

%%%% Modelo para bibliografia - bibtex!

%%%manuais
@manual{man:arw32008,
Author  = {William C. Skamarock and Joseph B. Klemp and Jimy Dudhia and David O. Gill and Dale M. Barker and Michael G. Duda and Xiang-Yu Huang and Wei Wang and Jordan G. Powers},
Title   = {A Description of the Advanced Research WRF Version 3},
Year    = "2008",
month   = "jun",
volume  =  "NCAR TECHNICAL NOTE: NCAR/TN--475+STR",
pages   = {125},
pagename = {p.},
intitution  = {National Center for Atmospheric Research},
address = {Boulder},
url = {http://www2.mmm.ucar.edu/wrf/users/docs/arw_v3.pdf},
Note    = {Acesso em 02 abr. 2015}
}


@manual{man:MDTUFSM2012,
address={Santa Maria},
organization={UFSM-PRPGP. Universidade Federal de Santa Maria. Pr\'o-Reitoria de P\'os-Gradua{\c c}\~ao e Pesquisa},
org-short={UFSM-PRPGP},
pages={72},
edition = {8},
publisher = {Editora da UFSM},
subtitle={Estrutura e apresenta{\c c}{\~a}o de monografias, disserta{\c c}{\~o}es e teses},
title={{MDT-UFSM}},
year={2012},
url = {http://coral.ufsm.br/prpgp/images/fomularios-diversos/mdt-2012.pdf},
Note    = {Acesso em 02 set. 2015}
}



%%% TCC ou trabalhos de conclusão de curso em geral (especialização, relatorio de estagio, mestrado, doutorado)
@monography{ tcc:mintegui2014,
Author  = {Jéssica Melo Mintegui},
type    = {Trabalho de Conclusão de Curso},
Title   = {Avaliação das características multicamada de eventos de neve no sul do {B}rasil},
Year    = 2014,
school  = {Curso de Graduação em Meteorologia, Universidade Federal de Santa Maria},
org-short = {UFSM},
address = {Santa Maria},
pages   = {30},
pagename= {f.},
Note    = { }
}


%%% dissertação de mestrado
@mastersthesis{diss:anabor2004,
  title={An{\'a}lise descritiva dos distemas donvectivos de escala meso-$\alpha$ atrav{\'e}s das imagens de sat{\'e}lite GOES-8},
  author={Anabor, Vagner},
  type = {Mestrado em Sensoriamento Remoto},
  year={2004},
  school  = {Universidade Federal do Rio Grande do Sul},
org-short = {UFRGS},
address = {Porto Alegre},
pages   = {78},
pagename= {f.},
Note    = { }
  
}


%%% tese de doutorado





%%%% livro

@book{livro:aris1989,
  title={Vectors, tensors, and the basic equations of fluid mechanics},
  author={Rutherford Aris},
  year={1989},
  address={New York},
  pages={286},
  publisher={Dover Publications}
}

%%%% livro de uma série

@book{livro:cotton1989,
  title={Storm and Cloud Dynamics},
  author={W. R. Cotton and R. A. Anthes},
  series ={International Geophysics Series},
  pages ={883},
  volume={44},
  year={1989},
  address ={San Diego},
  publisher={Academic Press}
}

%%%%% capítulo específico (autor da capitulo = autor do livro)

@inbook{cap:livro:djuric1994,
  title={Kinematics},
  booktitle={Weather analysis},
  author="Djuri{\'{c}}, Du\v{s}an",
  chapter={4},
  pages={50-68},
  year={1994},
  address = {New Jersey},
  publisher={Prentice Hall}
}


%%%%% capítulo específico (autor da capitulo != autor do livro ))


@incollection{ cap:livro:wyngaard1981,
    Author  = {J. C. Wyngaard},
    editor  = {F.T.M. Nieuwstadt And H. Von Dop},
    booktitle = {Atmospheric turbulence and air pollution modeling},
    Title   = {Boundary-Layer Modeling.},
    pages = {69-106},
    chapter = {3},
    Year    = 1981,
    edition = {},
    address = {Dordrecht},
    Publisher   = {D. Reidel Publishing Company},
    Note    = {}
}

%%%%% livros com diversos volumes

@book{livro:halliday28ed,
subtitle={Gravitação, Ondas e Termodinâmica},
title ={Fundamentos da Física},
author={David Halliday and Robert Resnick and Jearl Walker},
edition={8},
year={2008},
address={Rio de Janeiro},
publisher={Livros Técnicos e Científicos S.A.},
note={{v}. 2, 296 p.}
}

@book{livro:fedorova:v1,
  title={Meteorologia sin{\'o}tica},
  author={Fedorova, Natalia},
  address={Pelotas},
  publisher ={Editora e Gráfica Universit{\'a}ria - UFPel},
  year={1999},
  note={{v}. 1, 256 p.}
}


@book{ livro:monin:v1,
    Author  = {A. S. Monin and A. M. Yaglom},
    title = {Statistical fluid mechanics},
    subtitle ={Mechanics of Turbulence},
    Year    = 2007,
    address = {London},
    publisher={Dover Publications},
    note={{v}. 1, 769 p.}
}


%%%% entrada para apud

@hidden{ apud:richardson1922,
    Author  = {L. F. Richardson},
    Title   = {Weather prediction by numerical process},
    Year    = 1922,
    Publisher   = {Cambrigde University Press},
    address = {Cambrigde},
    pages={236},
    Note    = {}
}


%%% artigos em periódicos

@article{artigo:fujita1981,
  title={Tornadoes and downbursts in the context of generalized planetary scales},
  author={Fujita, T Theodore},
  journal={Journal of the Atmospheric Sciences},
  volume={38},
  number={8},
  pages={1511--1534},
  year={1981}
}


@article{artigo:janjic2002,
  title={Nonsingular implementation of the Mellor--Yamada level 2.5 scheme in the NCEP Meso model},
  author={Janji{\'c}, Zavi{\v{s}}a I},
  journal={NCEP office note},
  volume={437},
  pages={61},
  year={2002}
}

%%%% anais de eventos

@inproceedings{cbmet:anabor2012,
title = "Sistemas convectivos de mesoescala: serão todos {CCMs}?",
author = "Vagner Anabor and Vanessa Ferreira",
organization = {Congresso Brasileiro de Meteorologia},
conference-number ={17},
booktitle = "Anais eletr{\^o}nicos...",
publisher = "Sociedade Brasileira de Meteorologia",
address = "São Paulo",
conference-year = "2012",
conference-location = "Gramado",
year = "2012",
url = "http://www.sbmet.org.br/cbmet2012/pdfs/64ZA.pdf",
note = "Acesso em: 10/4/2015"
}


@inproceedings{puhalesBLT2010,
title = "Analysis of the turbulent kinetic energy budget in the planetary boundary layer by large eddy simulation",
author = "Franciano Scremin Puhales and Ot{\'a}vio Costa Acevedo and Umberto Rizza and Gerv{\'a}sio Annes Degrazia and Osvaldo L. L. de Morais",
organization = {Symposium on Boundary Layers and Turbulence},
conference-number ={19},
booktitle = "Anais eletr{\^o}nicos...",
publisher = "American Meteorological Society",
address = "Boston",
conference-year = "2010",
conference-location = "Keystone",
year = "2010",
url = "http://ams.confex.com/ams/19Ag19BLT9Urban/ techprogram/paper\_173113.htm",
note = "Acesso em: 10/5/2011"
}


%%%%% sites

@misc{site:CBEE,
author="{CENTRO BRASILEIRO DE ENERGIA EÓLICA -– CBEE}",
Title = {Energia Eólica},
publisher={Boulder},
year={2000},
url = {https://livroaberto.ibict.br/bitstream/1/582/7/06%20-%20Energia%20E%C2%BElica%283%29.pdf},
note={Acesso em 9 abr. 2024}
}

%%%% Sites - Apagar Depois
@misc{site:wrfhome,
author="{MMM--UCAR}",
Title = {THE WEATHER RESEARCH \& FORECASTING MODEL},
subtitle = {Home},
publisher={Boulder},
year={2015},
url = {http://wrf-model.org/},
note={Acesso em 06 abr. 2015}
}


@misc{site:amsglo:fog,
 author="{AMERICAN METEOROLOGICAL SOCIETY}",
 title={Glossary of Meteorology},
 subtitle={Fog},
 publisher={Boston},
 year = {2015},
 url={http://glossary.ametsoc.org/wiki/Fog},
 note={Acessado em 06 abr 2015}
}

